%% This BibTeX bibliography file was created using BibDesk.
%% http://bibdesk.sourceforge.net/


%% Created for Brendan Dolan-Gavitt at 2017-03-28 19:43:32 -0400 


%% Saved with string encoding Unicode (UTF-8) 



@inproceedings{Bershad:1995,
	Acmid = {224077},
	Address = {New York, NY, USA},
	Author = {Bershad, B. N. and Savage, S. and Pardyak, P. and Sirer, E. G. and Fiuczynski, M. E. and Becker, D. and Chambers, C. and Eggers, S.},
	Booktitle = {Proceedings of the Fifteenth ACM Symposium on Operating Systems Principles},
	Date-Added = {2017-03-28 23:35:03 +0000},
	Date-Modified = {2017-03-28 23:35:03 +0000},
	Doi = {10.1145/224056.224077},
	Isbn = {0-89791-715-4},
	Location = {Copper Mountain, Colorado, USA},
	Numpages = {17},
	Pages = {267--283},
	Publisher = {ACM},
	Series = {SOSP '95},
	Title = {Extensibility Safety and Performance in the SPIN Operating System},
	Url = {http://doi.acm.org/10.1145/224056.224077},
	Year = {1995},
	Bdsk-Url-1 = {http://doi.acm.org/10.1145/224056.224077},
	Bdsk-Url-2 = {http://dx.doi.org/10.1145/224056.224077}}

@inproceedings{Erlingsson:2000,
	Acmid = {335201},
	Address = {New York, NY, USA},
	Author = {Erlingsson, \'{U}lfar and Schneider, Fred B.},
	Booktitle = {Proceedings of the 1999 Workshop on New Security Paradigms},
	Date-Added = {2017-03-28 22:17:15 +0000},
	Date-Modified = {2017-03-28 22:17:16 +0000},
	Doi = {10.1145/335169.335201},
	Isbn = {1-58113-149-6},
	Location = {Caledon Hills, Ontario, Canada},
	Numpages = {9},
	Pages = {87--95},
	Publisher = {ACM},
	Series = {NSPW '99},
	Title = {SASI Enforcement of Security Policies: A Retrospective},
	Url = {http://doi.acm.org/10.1145/335169.335201},
	Year = {2000},
	Bdsk-Url-1 = {http://doi.acm.org/10.1145/335169.335201},
	Bdsk-Url-2 = {http://dx.doi.org/10.1145/335169.335201}}

@inproceedings{Small:1997,
	Acmid = {1268041},
	Address = {Berkeley, CA, USA},
	Author = {Small, Christopher},
	Booktitle = {Proceedings of the 3rd Conference on USENIX Conference on Object-Oriented Technologies (COOTS) - Volume 3},
	Date-Added = {2017-03-28 21:56:18 +0000},
	Date-Modified = {2017-03-28 21:56:20 +0000},
	Location = {Portland, Oregon},
	Numpages = {1},
	Pages = {13--13},
	Publisher = {USENIX Association},
	Series = {COOTS'97},
	Title = {A Tool for Constructing Safe Extensible C++ Systems},
	Url = {http://dl.acm.org/citation.cfm?id=1268028.1268041},
	Year = {1997},
	Bdsk-Url-1 = {http://dl.acm.org/citation.cfm?id=1268028.1268041}}

@inproceedings{Erlingsson:2006,
	Acmid = {1298463},
	Address = {Berkeley, CA, USA},
	Author = {Erlingsson, \'{U}lfar and Abadi, Mart\'{\i}n and Vrable, Michael and Budiu, Mihai and Necula, George C.},
	Booktitle = {Proceedings of the 7th Symposium on Operating Systems Design and Implementation},
	Date-Added = {2017-03-23 17:22:46 +0000},
	Date-Modified = {2017-03-23 17:22:48 +0000},
	Isbn = {1-931971-47-1},
	Location = {Seattle, Washington},
	Numpages = {14},
	Pages = {75--88},
	Publisher = {USENIX Association},
	Series = {OSDI '06},
	Title = {XFI: Software Guards for System Address Spaces},
	Url = {http://dl.acm.org/citation.cfm?id=1298455.1298463},
	Year = {2006},
	Bdsk-Url-1 = {http://dl.acm.org/citation.cfm?id=1298455.1298463}}

@inproceedings{Ford:2008,
	Acmid = {1404039},
	Address = {Berkeley, CA, USA},
	Author = {Ford, Bryan and Cox, Russ},
	Booktitle = {USENIX 2008 Annual Technical Conference},
	Date-Added = {2017-03-23 17:14:51 +0000},
	Date-Modified = {2017-03-23 17:14:52 +0000},
	Location = {Boston, Massachusetts},
	Numpages = {14},
	Pages = {293--306},
	Publisher = {USENIX Association},
	Series = {ATC'08},
	Title = {Vx32: Lightweight User-level Sandboxing on the x86},
	Url = {http://dl.acm.org/citation.cfm?id=1404014.1404039},
	Year = {2008},
	Bdsk-Url-1 = {http://dl.acm.org/citation.cfm?id=1404014.1404039}}

@inproceedings{McCamant:2006,
	Acmid = {1267351},
	Address = {Berkeley, CA, USA},
	Articleno = {15},
	Author = {McCamant, Stephen and Morrisett, Greg},
	Booktitle = {Proceedings of the 15th Conference on USENIX Security Symposium - Volume 15},
	Date-Added = {2017-03-23 17:13:44 +0000},
	Date-Modified = {2017-03-23 17:13:46 +0000},
	Location = {Vancouver, B.C., Canada},
	Publisher = {USENIX Association},
	Series = {USENIX-SS'06},
	Title = {Evaluating SFI for a CISC Architecture},
	Url = {http://dl.acm.org/citation.cfm?id=1267336.1267351},
	Year = {2006},
	Bdsk-Url-1 = {http://dl.acm.org/citation.cfm?id=1267336.1267351}}

@inproceedings{Aiken:2006,
	Acmid = {1178599},
	Address = {New York, NY, USA},
	Author = {Aiken, Mark and F\"{a}hndrich, Manuel and Hawblitzel, Chris and Hunt, Galen and Larus, James},
	Booktitle = {Proceedings of the 2006 Workshop on Memory System Performance and Correctness},
	Date-Added = {2017-03-23 17:04:11 +0000},
	Date-Modified = {2017-03-23 17:04:12 +0000},
	Doi = {10.1145/1178597.1178599},
	Isbn = {1-59593-578-9},
	Keywords = {hardware isolated process (HIP), hardware protection domain, singularity, software isolated process (SIP)},
	Location = {San Jose, California},
	Numpages = {10},
	Pages = {1--10},
	Publisher = {ACM},
	Series = {MSPC '06},
	Title = {Deconstructing Process Isolation},
	Url = {http://doi.acm.org/10.1145/1178597.1178599},
	Year = {2006},
	Bdsk-Url-1 = {http://doi.acm.org/10.1145/1178597.1178599},
	Bdsk-Url-2 = {http://dx.doi.org/10.1145/1178597.1178599}}

@inproceedings{Hunt:2007a,
	Acmid = {1273032},
	Address = {New York, NY, USA},
	Author = {Hunt, Galen and Aiken, Mark and F\"{a}hndrich, Manuel and Hawblitzel, Chris and Hodson, Orion and Larus, James and Levi, Steven and Steensgaard, Bjarne and Tarditi, David and Wobber, Ted},
	Booktitle = {Proceedings of the 2Nd ACM SIGOPS/EuroSys European Conference on Computer Systems 2007},
	Date-Added = {2017-03-23 17:02:25 +0000},
	Date-Modified = {2017-03-23 17:02:26 +0000},
	Doi = {10.1145/1272996.1273032},
	Isbn = {978-1-59593-636-3},
	Keywords = {open process architecture, sealed kernel, sealed process architecture, software isolated process (SIP)},
	Location = {Lisbon, Portugal},
	Numpages = {14},
	Pages = {341--354},
	Publisher = {ACM},
	Series = {EuroSys '07},
	Title = {Sealing OS Processes to Improve Dependability and Safety},
	Url = {http://doi.acm.org/10.1145/1272996.1273032},
	Year = {2007},
	Bdsk-Url-1 = {http://doi.acm.org/10.1145/1272996.1273032},
	Bdsk-Url-2 = {http://dx.doi.org/10.1145/1272996.1273032}}

@article{Hunt:2007,
	Acmid = {1243424},
	Address = {New York, NY, USA},
	Author = {Hunt, Galen C. and Larus, James R.},
	Date-Added = {2017-03-23 17:01:50 +0000},
	Date-Modified = {2017-03-23 17:01:51 +0000},
	Doi = {10.1145/1243418.1243424},
	Issn = {0163-5980},
	Issue_Date = {April 2007},
	Journal = {SIGOPS Oper. Syst. Rev.},
	Keywords = {hardware protection domains, manifest-based programs (MBPs), operating systems, program specification, program verification, safe programming languages, sealed kernel, sealed process architecture, software-isolated processes (SIPs), unsafe code tax},
	Month = apr,
	Number = {2},
	Numpages = {13},
	Pages = {37--49},
	Publisher = {ACM},
	Title = {Singularity: Rethinking the Software Stack},
	Url = {http://doi.acm.org/10.1145/1243418.1243424},
	Volume = {41},
	Year = {2007},
	Bdsk-Url-1 = {http://doi.acm.org/10.1145/1243418.1243424},
	Bdsk-Url-2 = {http://dx.doi.org/10.1145/1243418.1243424}}

@inproceedings{Sehr:2010,
	Author = {David Sehr and Robert Muth and Cliff L. Biffle and Victor Khimenko and Egor Pasko and Bennet Yee and Karl Schimpf and Brad Chen},
	Booktitle = {19th USENIX Security Symposium},
	Date-Added = {2017-03-16 15:41:34 +0000},
	Date-Modified = {2017-03-16 15:41:36 +0000},
	Pages = {1-11},
	Title = {Adapting Software Fault Isolation to Contemporary CPU Architectures},
	Url = {http://code.google.com/p/nativeclient/},
	Year = 2010,
	Bdsk-Url-1 = {http://code.google.com/p/nativeclient/}}

@inproceedings{Yee:2009,
	Author = {B. Yee and D. Sehr and G. Dardyk and J. B. Chen and R. Muth and T. Ormandy and S. Okasaka and N. Narula and N. Fullagar},
	Booktitle = {2009 30th IEEE Symposium on Security and Privacy},
	Date-Added = {2017-03-15 18:48:02 +0000},
	Date-Modified = {2017-03-15 18:48:03 +0000},
	Doi = {10.1109/SP.2009.25},
	Issn = {1081-6011},
	Keywords = {Internet;computer interfaces;online front-ends;security of data;software performance evaluation;Native client;Web application programming environments;binary code;browser-based applications;hand-coded assembler;instruction set extensions;open architecture;operating system portability;sandbox;software fault isolation;thread support;untrusted x86 native code;Application software;Assembly systems;High performance computing;Java;Manuals;Operating systems;Physics computing;Privacy;Security;Yarn;Security;World Wide Web},
	Month = {May},
	Pages = {79-93},
	Title = {Native Client: A Sandbox for Portable, Untrusted x86 Native Code},
	Year = {2009},
	Bdsk-Url-1 = {http://dx.doi.org/10.1109/SP.2009.25}}

@article{unixhaters,
	Author = {Don Norman},
	Date-Added = {2017-03-15 18:40:59 +0000},
	Date-Modified = {2017-03-15 18:41:35 +0000},
	Journal = {Datamation},
	Number = {12},
	Title = {The truth about Unix: The user interface is horrid},
	Volume = {27},
	Year = {1981}}

@article{unixphilosophy,
	Author = {Doug McIlroy and E. N. Pinson and B. A. Tague},
	Date-Added = {2017-03-15 16:23:43 +0000},
	Date-Modified = {2017-03-15 16:25:19 +0000},
	Journal = {The Bell System Technical Journal},
	Month = {July},
	Pages = {1902--1903},
	Title = {Unix Time-Sharing System: Foreword},
	Year = {1978}}

@inproceedings{Wahbe:1993,
	Acmid = {168635},
	Address = {New York, NY, USA},
	Author = {Wahbe, Robert and Lucco, Steven and Anderson, Thomas E. and Graham, Susan L.},
	Booktitle = {Proceedings of the Fourteenth ACM Symposium on Operating Systems Principles},
	Date-Added = {2017-03-14 20:15:22 +0000},
	Date-Modified = {2017-03-14 20:15:24 +0000},
	Doi = {10.1145/168619.168635},
	Isbn = {0-89791-632-8},
	Location = {Asheville, North Carolina, USA},
	Numpages = {14},
	Pages = {203--216},
	Publisher = {ACM},
	Series = {SOSP '93},
	Title = {Efficient Software-based Fault Isolation},
	Url = {http://doi.acm.org/10.1145/168619.168635},
	Year = {1993},
	Bdsk-Url-1 = {http://doi.acm.org/10.1145/168619.168635},
	Bdsk-Url-2 = {http://dx.doi.org/10.1145/168619.168635}}
